<?xml version="1.0" encoding="UTF-8"?><record xmlns="http://www.loc.gov/MARC21/slim" xmlns:cinclude="http://apache.org/cocoon/include/1.0" xmlns:zs="http://www.loc.gov/zing/srw/">
  <leader>00964nz  a2200169n  4500</leader>
  <controlfield tag="001">no 99080459 </controlfield>
  <controlfield tag="003">DLC</controlfield>
  <controlfield tag="005">19991106070330.0</controlfield>
  <controlfield tag="008">991105n| acannaabn          |a aaa     c</controlfield>
  <datafield tag="010" ind1=" " ind2=" ">
    <subfield code="a">no 99080459 </subfield>
  </datafield>
  <datafield tag="035" ind1=" " ind2=" ">
    <subfield code="a">(OCoLC)oca05097098</subfield>
  </datafield>
  <datafield tag="040" ind1=" " ind2=" ">
    <subfield code="a">NN</subfield>
    <subfield code="b">eng</subfield>
    <subfield code="c">NN</subfield>
  </datafield>
  <datafield tag="100" ind1="1" ind2=" ">
    <subfield code="a">Young, Amy L.</subfield>
  </datafield>
  <datafield tag="400" ind1="1" ind2=" ">
    <subfield code="a">Young, Amy Lambeck</subfield>
  </datafield>
  <datafield tag="667" ind1=" " ind2=" ">
    <subfield code="a">Amy Lambeck Young and Amy Lynne Young both hold advanced degrees in anthropology or archaeology granted in the 1990's; both have produced works on the archaeology of the eastern United States.</subfield>
  </datafield>
  <datafield tag="670" ind1=" " ind2=" ">
    <subfield code="a">Risk and material conditions of African American slaves at Locust Grove, 1995:</subfield>
    <subfield code="b">(Amy Lambeck Young; Ph.D., Univ. of Tenn., Knoxville, 1995) vita (b. 3/7/56 in Jacksonville, Fla.; B.A. in Anthropology, Univ. of Louisville, 1988; master's degree, Univ. of Tenn, Knoxville, 1991; faculty member, Univ. of Mississippi in Hattiesburg)</subfield>
  </datafield>
  <datafield tag="670" ind1=" " ind2=" ">
    <subfield code="a">OCLC, 9/2/99</subfield>
    <subfield code="b">(hdg.: Young, Amy L.; usage: Amy Young; Amy L. Young; Amy Lambeck Young)</subfield>
  </datafield>
</record>